@article{Ponte1992,
author = {Ponte, Jo\~{a}o Pedro},
title = {The history of the concept of function and some educational implications},
journal = {The Mathematics Educator},
volume = {3},
number = {2},
pages = {3-8},
year = {1992},
}

@book{Boole,
author = {Boole, George},
title = {The Mathematical Analysis of Logic},
publisher = {Macmillan, Barclay, \& Macmillan},
address = {Cambridge},
year = {1847},
}

@book{DeMorgan,
author = {De Morgan, Augustus},
title = {Formal Logic; or, The Calculus of inference, necessary and probable},
publisher = {Taylor and Walton},
address = {London},
year = {1847},
}

@book{MET1,
author = {{Conference Board of the Mathematical Sciences}},
Shortauthor = {CBMS},
year = {2001},
title = {The Mathematical Education of Teachers},
address = {Providence RI and Washington DC},
publisher = {American Mathematical Society and Mathematical Association of America}
}

@book{MET2,
author = {{Conference Board of the Mathematical Sciences}},
Shortauthor = {CBMS},
year = {2012},
title = {The Mathematical Education of Teachers II},
address = {Providence RI and Washington DC},
publisher = {American Mathematical Society and Mathematical Association of America}
}

@book{CCSS,
author = {{NGA-CCSSO}},
title = {Common Core State Standards Mathematics},
publisher = {National Governors Association Center for Best Practices, Council of Chief State School Officers},
address = {Washington D.C.},
year = {2010},
}


@book{CAEP,
author = {{NCTM}},
Shortauthor = {NCTM},
title = {Standards for the Preparation of Secondary Mathematics Teachers},
year = {2020},
publisher = {National Council of Teachers of Mathematics},
address = {Reston, VA},
}

@book{NCTM1980,
    author = {{NCTM}},
    title = {An Agenda for Action: Recommendations for School Mathematics of the 1980s},
    year = {1980},
    publisher = {National Council of Teachers of Mathematics},
    address = {Reston, VA},
    }

@book{NCTM1989,
    author = {{NCTM}},
    title = {Curriculum and Evaluation Standards for School Mathematics},
    year = {1989},
    publisher = {National Council of Teachers of Mathematics},
    address = {Reston, VA},
    }

@book{NCTM1991,
    author = {{NCTM}},
    title = {Professional Teaching Standards},
    year = {1991},
    publisher = {National Council of Teachers of Mathematics},
    address = {Reston, VA},
    }

@book{NCTM1995,
    author = {{NCTM}},
    title = {Assessment Standards},
    year = {1995},
    publisher = {National Council of Teachers of Mathematics},
    address = {Reston, VA},
    }

@book{PSSM,
author = {{NCTM}},
Shortauthor = {NCTM},
title = {Principles and Standards for School Mathematics},
year = {2000},
address = {Reston, VA},
publisher = {National Council of Teachers of Mathematics},
}

@article{shulman1986,
  title={Those who understand: Knowledge growth in teaching},
  author={Shulman, Lee S},
  journal={Educational Researcher},
  volume={15},
  number={2},
  pages={4--14},
  year={1986},
  publisher={Sage Publications},
  address = {Thousand Oaks, CA},
}

@article{ball2001,
  title={Research on teaching mathematics: The unsolved problem of teachersâ€™ mathematical knowledge},
  author={Ball, Deborah Loewenberg and Lubienski, Sarah Theule and Mewborn, Denise S},
  journal={Handbook of Research on Teaching},
  volume={4},
  pages={433--456},
  year={2001}
}

@article{Ball2008,
  title={Content knowledge for teaching: What makes it special?},
  author={Ball, Deborah Loewenberg and Thames, Mark Hoover and Phelps, Geoffrey},
  journal={Journal of Teacher Education},
  volume={59},
  number={5},
  pages={389--407},
  year={2008},
  publisher={Sage Publications},
  address = {Los Angeles, CA},
}

@book{Polya1945,
    title={How to Solve It: A new aspect of mathematical method},
    author = {Polya, G.},
    publisher = {Doubleday \& Company, Inc.},
    year = {1957},
    edition = {2},
    address = {Garden City, NY},
    }
    
@proceedings{GAIMME,
    title = {{GAIMME}: Guidelines for Assessment and Instruction in Mathematical Modeling Education},
    note = {2nd edition},
    year = {2019},
    author = {{GAIMME}},
    publisher = {Consortium for Mathematics and Its Applications (COMAP) and Society for Industrial and Applied Mathematics (SIAM)},
    address = {Philadelphia, PA},
    editor = {Garfunkel, Sol and Montgomery, Michelle},
    url = {https://www.siam.org/Publications/Reports/Detail/guidelines-for-assessment-and-instruction-in-mathematical-modeling-education}},
    }
    
@book{Cognition,
    title = {An Introduction to Mathematical Cognition},
    author = {Gilmore, Camilla and G{\"o}bel, Silke M. and Inglis, Matthew},
     isbn={9781317410102},
    series={International Texts in Developmental Psychology},
    url={https://books.google.com/books?id=cVZgDwAAQBAJ},
    year={2018},
    publisher={Taylor \& Francis},
    }
    
@book{Communication,
    title = {Teaching Students to Communicate Mathematically},
    author = {Sammons, Laney},
    year = {2018},
    publisher = {ASCD},
    address = {Alexandria, VA},
    }
    
@incollection{definition,
    title = {Mathematics},
    booktitle = {Encyclop{\ae}dia Britannica},
    month = {May},
    year = {2019},
    author = {Fraser, Craig G. and Knorr, Wilbur R. and Berggren, John L. and Folkerts, Menso and Gray, Jeremy John},
    url = {https://www.britannica.com/science/mathematics},
    publisher = {Encyclop{\ae}dia Britannica, inc.},
    annotation = {Retrieved 04/22/2020},
    }
    
@incollection{Klein2003,
    author = {Klein, David},
    title = {A Brief History of {A}merican {K}-12 Mathematics Education in the 20th Century},
    booktitle = {Mathematical Cognition},
    editor = {Royer, James M.},
    year = {2003},
    publisher = {Information Age Pub.},
    pages = {175-225},
    }
    
@book{NCEE1983,
    author = {{National Commission on Excellence in Education}},
    title = {A Nation at Risk: The Imperative for Educational Reform},
    year = {1983},
    publisher = {Department of Education},
    address = {Washington, D.C.},
    }
    
@techreport{Raimi1998,
    author = {Raimi, Ralph A. and Braden, Lawrence S.},
    title = {State Mathematics Standards: An Appraisal of Math Standards in 46 {S}tates, the {D}istrict of {C}olumbia, and {J}apan},
    institution = {Thomas B. Fordham Foundation},
    address = {Washington, DC},
    year = {1998},
    }

@article{Reys2007,
    author = {Reys, Barbara and Lappan, Glenda},
    title = {Consensus or Confusion? The Intended Math Curriculum in {S}tate-Level Standards},
    journal = {Phi Delta Kappan},
    month = {May},
    year = {2007},
    volume = {88},
    number = {9},
    pages = {676-680},
    }
    
@book{Principia1,
    author = {Whitehead, Alfred North and Russell, Bertrand},
    title = {Principia Mathematica},
    year = {1910},
    volume = {1},
    publisher = {Cambridge University Press},
    }

@book{Principia2,
    author = {Whitehead, Alfred North and Russell, Bertrand},
    title = {Principia Mathematica},
    year = {1912},
    volume = {2},
    publisher = {Cambridge University Press},
    }
    
@book{Principia3,
    author = {Whitehead, Alfred North and Russell, Bertrand},
    title = {Principia Mathematica},
    year = {1913},
    volume = {3},
    publisher = {Cambridge University Press},
    }
    
@article{vonNeumann23,
  title={Zur einf{\"u}hrung der transfiniten zahlen},
  author={von Neumann, John},
  journal={Acta Litterarum ac Scientiarum Regi\ae Universitatis Hungaric\ae Francisco-Josephinae, Sectio Scientiarum Mathematicarum},
  volume={1},
  pages={199--208},
  year={1923}
}

@book{Euler,
    author = {Euler, Leonhard},
    title = {Introductio in Analysin Infinitorum},
    volume = {1},
    year = {1748},
    publisher = {Marcus-Michael Bousquet \& Co.},
    address = {Lausanne},
    url = {https://gallica.bnf.fr/ark:/12148/bpt6k33510/},
    }

@book{bertrand1840,
    author = {Bertrand, Joseph},
    title = {Trait\'{e} D'Arithm\'{e}tique},
    year = {1840},
    publisher = {L. Hachette \& Co.},
    address = {Paris},
    url = {https://gallica.bnf.fr/ark:/12148/bpt6k77735p},
    }

@book{Dedekind1872,
    author = {Dedekind, Richard},
    title = {Stetigkeit und irrationale {Z}ahlen},
    year = {1872},
    publisher = {Friedrich Bieweg und Gohn},
    address = {Braunschweig},
    url = {https://archive.org/details/stetigkeitundir00dedegoog},
    }

@article{Heine1872,
    author = {Heine, E.},
    title = {Die Elemente der Funtionenlehre},
    journal = {Journal f\"{u}r die reine und angewandte Mathematik (Crelle's Journal)},
    year = {1872},
    volume = {74},
    pages = {172-188},
    }

@book{Cauchy1821,
    author = {Cauchy, Augustin-Louis},
    title = {Cours D'Analyse de L'\'{E}cole Royale Polytechnique},
    volume = {I. Analyse Alg\'{e}brique},
    year = {1821},
    publisher = {de l'Imprimerie Royale},
    address = {Paris},
    }


@book{Rudin1976,
    author = {Rudin, Walter},
    title = {Principles of Mathematical Analysis},
    publisher = {McGraw-Hill, Inc.},
    year = {1976},
    edition = {3},
    }
    
@book{Thurston1956,
    author = {Thurston, H. A.},
    title = {The Number-System},
    year = {1956},
    publisher = {Blackie \& Son, Limited},
    address = {London},
    url = {https://archive.org/details/TheNumberSystem},
    }

@book{Leurechon,
    author = {Leurechon, Jean},
    title = {Select\ae Propositiones in Tota Sparsim Mathematica Pulcherrim\ae},
    year = {1629},
    address = {Lotharingi\ae},
    publisher = {Mussiponti},
    url = {https://books.google.com/books?id=RGwTAAAAQAAJ},
    }

@incollection{Hilbert,
    author = {Ewald, William and Sieg, Willfried},
    title = {Lectures on the Infinite},
    booktitle = {David Hilbert's Lectures on the Foundations of Arithmetic and Logic, 1917-1933},
    publisher = {Springer},
    year = {2013},
    }

@article{Cantor,
    author = {Cantor, Georg},
    title = {Ueber eine elementare Frage der Mannigfaltigkeitslehre},
    journal = {Jahresbericht der Deutschen Mathematiker-Verreinigung},
    volume = {1890/91},
    year = {1891},
    pages = {75-78},
    url = {https://www.digizeitschriften.de/dms/img/?PID=GDZPPN002113910},
    }

@book{UNESCO,
    title = {Empowering students for just societies: a handbook for secondary school teachers},
    author = {{UNESCO}/{UNODC}},
    year = {2019},
    publisher = {{UNESCO}/{UNODC}},
    }

@article{Cayley,
    author= {Cayley, Arthur},
    title = {On the theory of groups, as depending on the symbolic equation \(\theta^n=1\)},
    journal = {The London, Edinburgh, and Dublin Philosophical Magazine and Journal of Science},
    year = {1854},
    volume = {7},
    number = {42},
    pages = {40-47},
    }

@book{Boyer,
    author = {Boyer, Carl B. and Merzbach, Uta C.},
    title = {A History of Mathematics},
    edition = {2},
    year = {1991},
    publisher = {John Wiley \& Sons, Inc.},
    }

@book{Cotes,
    author = {Cotes, Roger},
    note = {Edited by Robert Smith},
    year = {1722},
    publisher = {Cambridge},
    title = {Harmonia Mensurarum},
    }

@article{Gelfond,
    author = {Gel'fond, Alexander Osipovich},
    title = {Sur le septi\'{e}me probl\'{e}me de {H}ilbert},
    journal = {Belletin de l'Acad\'{e}mie des Sciences de l'URSS. Classe des sciences math\'{e}matiques et na},
    year = {1934},
    volume = {4},
    pages = {623-634},
    }

@article{Schneider,
    author = {Schneider, Theodor},
    title = {Transzendenzuntersuchungen periodischer Funktionen {I}. Transzendenz von Potenzen},
    journal = {Journal f\"{u}r die reine und angewandte Mathematik (Crelle's Journal)},
    volume = {172},
    year = {1935},
    pages = {65-69},
    }
    
@book{SET,
    author = {Franklin, Christine and Bargagliotti, Anna E. and Case, Catherine A. and Kader, Gary D. and Scheaffer, Richard L. and Spangler, Denise A.},
    title = {Statistical Education of Teachers},
    year = {2015},
    publisher = {American Statistical Association},
    }
    
@book{GAISE,
    author = {Franklin, Christine and Kader, Gary D. and Mewborn, Denise A. and Moreno, J. and Peck, R. and Perry, M. and Schaeffer, Richard L.},
    title = {Guidelines for Assessment and Instruction in Statistics Education ({GAISE}) Report: A Pre-K-12 Curriculum Framework},
    address = {Alexandra, VA},
    year = {2007},
    publisher = {American Statistical Association},
    }


@book{GAISE2,
	author = {Bargagliotti, Anna and Franklin, Christine and Arnold, Pip and Gould, Rob and Johnson, Sheri and Perez, Leticia and Spangler, Denise A.},
	title = {Pre-Kâ€“12 Guidelines for Assessment and Instruction
in Statistics Education II (GAISE II)},
	address = {Alexandria, VA},
	year = {2020},
	publisher = {American Statistical Association},
}
    
@book{GAISE_college,
    author = {{GAISE College Report ASA Revision Committee}},
    title = {Guidelines for Assessment and Instruction in Statistics Education College Report 2016},
    year = {2016},
    publisher = {American Statistical Association},
    url = {http://www.amstat.org/education/gaise},
    }    
    
@article{Cobb1997,
    author = {Cobb, George W. and Moore, David S.},
    title = {Mathematics, Statistics, and Teaching},
    journal = {the American Mathematical Monthly},
    year = {1997},
    pages = {801-823},
    volume = {104},
    number = {9},
    url = {https://doi.org/10.1080/00029890.1997.11990723},
    }

@article{Chance2002,
    author = {Chance, Beth L.},
    title = {Components of Statistical Thinking and Implications for Instruction and Assessment},
    year = {2002},
    journal = {Journal of Statistics Education},
    volume = {10},
    number = {3},
    url = {http://jse.amstat.org/v10n3/chance.html},
    }    

@techreport{SASI,
    author = {Lee, Hollylynne and Tran, Dung},
    title = {Framework for Supporting Students' Approaches to Statistical Investigations},
    institution = {Friday Institute for Educational Innovation, NC State University},
    year = {2015},
    url = {https://hirise.fi.ncsu.edu/resources-2/tsdi_resources/supporting-students-statistical-investigations/}
    }

@incollection{EDA2003,
    author = {Behrens, John T. and Yu, Chong-ho},
    title = {Exploratory Data Analysis},
    booktitle = {Research Methods in Psychology},
    series = {Handbook of Psychology},
    publisher = {John Wiley \& Sons, Inc.},
    year = {2003},
    editor = {Schinka, John A. and Velicer, Wayne F.},
    volume = {2},
    chapter = {2},
    }
    
@article{He2014,
title = "Texting while driving: Is speech-based text entry less risky than handheld text entry?",
journal = "Accident Analysis \& Prevention",
volume = "72",
pages = "287 - 295",
year = "2014",
issn = "0001-4575",
doi = "https://doi.org/10.1016/j.aap.2014.07.014",
url = "http://www.sciencedirect.com/science/article/pii/S0001457514002176",
author = "J. He and A. Chaparro and B. Nguyen and R.J. Burge and J. Crandall and B. Chaparro and R. Ni and S. Cao",
}


@article{Perezgonzalez2015,
    title = {Fisher, {N}eyman-{P}earson or {NHST}? A tutorial for teaching data testing},
    author = {Jose D. Perezgonzalez},
    journal = {Frontiers in Psychology},
    volume = {6},
    number = {223},
    doi = {10.3389/fpsyg.2015.00223},
    year = {2015}
}

@article{Macdonald1997,
    title = {On statistical testing in psychology},
    author = {Ranald R. Macdonald},
    year = {1997},
    journal = {British Journal of Psychology},
    volume = {88},
    number = {2},
    doi = {10.1111/j.2044-8295.1997.tb02638.x},
}

@book{Cohen88,
    title = {Statistical Power Analysis for the Behavioral Sciences},
    author = {Jacob Cohen},
    year = {1988},
    edition = {2},
    address = {New York, NY},
    publisher = {Psychology Press},
}

@book{Heath1908_1,
    title = {The Thirteen Books of {E}uclid's Elements: Translated from the Text of {H}eiberg with Introduction and Commentary},
    author = {Heath, T. L.},
    year = {1908},
    publisher = {University Press},
    address = {Cambridge},
    volume = {1, Introduction and Books I and II},
}

@book{Heath1908_2,
    title = {The Thirteen Books of {E}uclid's Elements: Translated from the Text of {H}eiberg with Introduction and Commentary},
    author = {Heath, T. L.},
    year = {1908},
    publisher = {University Press},
    address = {Cambridge},
    volume = {2, Books III-IX},
}

@book{HilbertGeo,
    title = {The Foundations of Geometry},
    author = {David Hilbert},
    note = {Authorized Translation by E. J. Townsend},
    year = {1910},
    publisher = {The Open Court Publishing Company},
    address = {Chicago},
    edition = {Second},
}

@article{Dormolen2003,
	author = {Van Dormolen, J. and Zaslavsky, O.},
	title = {The many facets of a definition: The case of periodicity},
	journal = {Journal of Mathematical Behavior},
	year = {2003},
	volume = {22},
	pages = {91-196},
}


@incollection{Edwards2008,
	title = {The Role of Mathematical Definitions in Mathematics and in Undergraduate Mathematics Courses},
	author = {Barbara Edwards and Michael B. Ward},
	booktitle = {Making the Connection: Research and Teaching in Undergraduate Mathematics Education},
	publisher = {Mathematical Association of America},
	year = {2008},
	editor = {Marilyn Carlson and Chris Rasmussen},
	chapter = {17},
	pages = {223-232},
}

@incollection{Vinner1991,
	title = {The role of definitions in the teaching and learning of mathematics},
	author = {Shlomo Vinner},
	booktitle = {Advanced Mathematical Thinking},
	publisher = {Kluwer Academic Press},
	address = {Dordrecht},
	year = {1991},
	editor = {D. Tall},
	chapter = {5},
	pages = {65-80},
}

@incollection{Tall1992,
	title = {The transition to advanced mathematical thinking: Functions, limits, infinity, and proof},
	author = {D. Tall},
	booktitle = {Handbook of Research on Mathematics Teaching and Learning},
	publisher = {Macmillan Publishing Company},
	address = {New York},
	year = {1992},
	editor = {D. Grouws},
}

@book{usiskin2008,
	title={The Classification of Quadrilaterals: A Study in Definition},
	author={Usiskin, Zalman and Jennifer Griffin},
	isbn={9781607526001},
	series={Research in Mathematics Education},
	year={2008},
	publisher={Information Age Publishing Inc.},
	address = {Charlotte},
}

@book{SMSG_Geometry,
	title = {Mathematics for High School: Geometry},
	author = {{School Mathematics Study Group}},
	year = {1960},
	publisher = {Yale University},
	address = {New Haven},
}

@book{Usiskin2003,
    title = {Mathematics for High School Teachers: An advanced perspective},
    author = {Zalman Usiskin and Anthony Peressini and Elena Anne Marchisotto and Dick Stanley},
    year = {2003},
    publisher = {Pearson Education, Inc.},
    address = {Upper Saddle River, NJ},
}

@book{Klein1872,
    title = {Vergleichende Betrachtungen \:{u}ber neuere geometrische Forschungen},
    author = {Felix Klein},
    year = {1872},
    publisher = {Andreas Deichart},
    address = {Erlangen},
}
